@article{fishman2013bike,
  title={Bike share: a synthesis of the literature},
  author={Fishman, Elliot and Washington, Simon and Haworth, Narelle},
  journal={Transport reviews},
  volume={33},
  number={2},
  pages={148--165},
  year={2013},
  publisher={Taylor \& Francis}
}

@article{fishman2015factors,
  title={Factors influencing bike share membership: An analysis of Melbourne and Brisbane},
  author={Fishman, Elliot and Washington, Simon and Haworth, Narelle and Watson, Angela},
  journal={Transportation research part A: policy and practice},
  volume={71},
  pages={17--30},
  year={2015},
  publisher={Elsevier}
}

@article{conrow2018optimization,
  title={An optimization approach for equitable bicycle share station siting},
  author={Conrow, Lindsey and Murray, Alan T and Fischer, Heather A},
  journal={Journal of transport geography},
  volume={69},
  pages={163--170},
  year={2018},
  publisher={Elsevier}
}


@article{deryungina2016mortality,
  title={The Mortality and Medical Costs of Air Pollution: Evidence from Changes in Wind Direction. NBER Working Paper\# 22796},
  author={Deryungina, Tatyana and Huetel, Garth and Miller, Nolan H and Molitor, David},
  year={2016}
}


@article{el2017effects,
  title={Effects of built environment and weather on bike sharing demand: a station level analysis of commercial bike sharing in Toronto},
  author={El-Assi, Wafic and Mahmoud, Mohamed Salah and Habib, Khandker Nurul},
  journal={Transportation},
  volume={44},
  number={3},
  pages={589--613},
  year={2017},
  publisher={Springer}
}

@article{mattson2017bike,
  title={Bike share in Fargo, North Dakota: Keys to success and factors affecting ridership},
  author={Mattson, Jeremy and Godavarthy, Ranjit},
  journal={Sustainable cities and society},
  volume={34},
  pages={174--182},
  year={2017},
  publisher={Elsevier}
}

@article{dellavigna2006paying,
  title={Paying not to go to the gym},
  author={DellaVigna, Stefano and Malmendier, Ulrike},
  journal={american economic Review},
  volume={96},
  number={3},
  pages={694--719},
  year={2006}
}

@article{bocker2013impact,
  title={Impact of everyday weather on individual daily travel behaviours in perspective: a literature review},
  author={B{\"o}cker, Lars and Dijst, Martin and Prillwitz, Jan},
  journal={Transport reviews},
  volume={33},
  number={1},
  pages={71--91},
  year={2013},
  publisher={Taylor \& Francis}
}
@article{saneinejad2012modelling,
  title={Modelling the impact of weather conditions on active transportation travel behaviour},
  author={Saneinejad, Sheyda and Roorda, Matthew J and Kennedy, Christopher},
  journal={Transportation research part D: transport and environment},
  volume={17},
  number={2},
  pages={129--137},
  year={2012},
  publisher={Elsevier}
}

@article{lathia2012measuring,
  title={Measuring the impact of opening the London shared bicycle scheme to casual users},
  author={Lathia, Neal and Ahmed, Saniul and Capra, Licia},
  journal={Transportation research part C: emerging technologies},
  volume={22},
  pages={88--102},
  year={2012},
  publisher={Elsevier}
}


